% This file was created with JabRef 2.10b2.
% Encoding: UTF-8


@Electronic{regfiles,
  Title                    = {Computer Science 315 Lecture Notes},
  Author                   = {Jason W. Bacon},
  Url                      = {http://www.cs.uwm.edu/classes/cs315/Bacon/Lecture/HTML/index.html},
  Year                     = {2011},

  Owner                    = {carlos},
  Timestamp                = {2015.08.18}
}

@Book{mips32,
  Title                    = {MIPS32TM Architecture For Programmers
Volume I: Introduction to the MIPS32TM
Architecture},
  Author                   = {MIPS Technologies Inc},
  Year                     = {2001},

  Owner                    = {carlos},
  Timestamp                = {2015.08.20}
}

